@article{Dung2013,
author = {Dung, LR and Huang, CM and Wu, YY},
file = {:home/gdp24/Documents/Mendeley/Dung, Huang, Wu/Dung, Huang, Wu - 2013 - Implementation of RANSAC Algorithm for Feature-Based Image Registration.pdf:pdf},
journal = {Journal of Computer and Communications},
keywords = {image processing,image registration,ransac,vlsi},
number = {November},
pages = {46--50},
title = {{Implementation of RANSAC Algorithm for Feature-Based Image Registration}},
url = {http://www.scirp.org/journal/PaperInformation.aspx?paperID=40004},
volume = {2013},
year = {2013}
}
@article{Lowe2004,
author = {Lowe, David G.},
file = {:home/gdp24/Documents/Mendeley/Lowe/Lowe - 2004 - Distinctive Image Features from Scale-Invariant Keypoints.pdf:pdf},
issn = {0920-5691},
journal = {International Journal of Computer Vision},
keywords = {image matching,invariant features,object recognition,scale invariance},
month = nov,
number = {2},
pages = {91--110},
title = {{Distinctive Image Features from Scale-Invariant Keypoints}},
volume = {60},
year = {2004}
}
@article{Zhang2000,
author = {Zhang, Zhengyou},
file = {:home/gdp24/Documents/Mendeley/Zhang/Zhang - 2000 - A flexible new technique for camera calibration.pdf:pdf},
journal = {IEEE Transactions on Pattern Analysis and Machine Intelligence},
number = {11},
pages = {1330--1334},
title = {{A flexible new technique for camera calibration}},
volume = {22},
year = {2000}
}
@incollection{Bay2006,
author = {Bay, Herbert and Tuytelaars, Tinne and {Van Gool}, Luc},
booktitle = {Computer Vision â€“ ECCV 2006},
file = {:home/gdp24/Documents/Mendeley/Bay, Tuytelaars, Van Gool/Bay, Tuytelaars, Van Gool - 2006 - SURF Speeded up robust features.pdf:pdf},
isbn = {978-3-540-33832-1},
issn = {03029743},
pages = {404--417},
pmid = {16081019},
publisher = {Springer Berlin Heidelberg},
title = {{SURF: Speeded up robust features}},
volume = {3951},
year = {2006}
}
@article{Fischler1981,
author = {Fischler, Martin a. and Bolles, Robert C.},
file = {:home/gdp24/Documents/Mendeley/Fischler, Bolles/Fischler, Bolles - 1981 - Random Sample Consensus A Paradigm for Model Fitting with Applications to Image Analysis and Automated Cartogr.pdf:pdf},
journal = {Communications of the ACM},
number = {6},
pages = {381--395},
title = {{Random Sample Consensus: A Paradigm for Model Fitting with Applications to Image Analysis and Automated Cartography}},
volume = {24},
year = {1981}
}
@book{Hartley2004,
author = {Hartley, R.$\sim$I. and Zisserman, A.},
isbn = {0521540518},
publisher = {Cambridge University Press},
title = {{Multiple View Geometry in Computer Vision}},
year = {2004}
}
@article{Francis1961,
author = {Francis, J G F},
doi = {10.1093/comjnl/4.3.265},
file = {:home/gdp24/Documents/Mendeley/Francis/Francis - 1961 - The QR Transformation A Unitary Analogue to the LR Transformation -Part 1.pdf:pdf},
issn = {0010-4620},
journal = {The Computer Journal},
number = {3},
pages = {265--271},
title = {{The QR Transformation A Unitary Analogue to the LR Transformation -Part 1}},
volume = {4},
year = {1961}
}
@misc{Archemi2014,
note = {Available at http://www.blendswap.com/blends/view/75450},
author = {Archemi},
title = {{Libri sulla mensola - books}},
url = {http://www.blendswap.com/blends/view/75450},
year = {2014}
}
